@article{lin1973,
author = "Shen Lin and Brian W. Kernighan",
title = "An Effective Heuristic Algorithm for the Travelling-Salesman Problem",
journal = "Operations Research",
volume = 21,
year = 1973,
pages = "498-516"
}

@book{goossens93,
     author    = "Michel Goossens and Frank Mittelbach and Alexander Samarin",
     title     = "The LaTeX Companion",
     year      = "1993",
     publisher = "Addison-Wesley",
     address   = "Reading, Massachusetts"
}

@misc{learnHaskell,
author = {Chris Allen},
title = {Introduction to Haskell},
howpublished = "\url{https://github.com/bitemyapp/learnhaskell#primary-courses}",
year = {2015},
note = "[Online; 2015-04-06]"
}
 
@article{MVC,
author = {Martin Fowler},
title = {GUI Architectures - Model View Controller},
howpublished = "\url{http://martinfowler.com/eaaDev/uiArchs.html#ModelViewController}",
year = {2006},
note = "[Online; 16.5.2016]"
}


@article{EIP,
author = {Gregor Hohpe and Bobby Woolf},
title = {Enterprise Integration Patterns},
publisher = "Addison-Wesley",
year = 2004
}


@article{Point-To-Point,
author = {Gregor Hohpe and Bobby Woolf},
title = {Point-To-Point Channel},
howpublished = "\url{http://www.enterpriseintegrationpatterns.com/patterns/messaging/PointToPointChannel.html}",
year = {2004},
note = "[Online; 16.5.2016]"
}
